<?xml version="1.0" encoding="UTF-8"?><record xmlns="http://www.loc.gov/MARC21/slim" xmlns:cinclude="http://apache.org/cocoon/include/1.0" xmlns:zs="http://www.loc.gov/zing/srw/">
  <leader>00511nz  a2200145n  4500</leader>
  <controlfield tag="001">no2009185453</controlfield>
  <controlfield tag="003">DLC</controlfield>
  <controlfield tag="005">20091119075933.0</controlfield>
  <controlfield tag="008">091117n| acannaabn          |n aaa     c</controlfield>
  <datafield tag="010" ind1=" " ind2=" ">
    <subfield code="a">no2009185453</subfield>
  </datafield>
  <datafield tag="035" ind1=" " ind2=" ">
    <subfield code="a">(OCoLC)oca08309743</subfield>
  </datafield>
  <datafield tag="040" ind1=" " ind2=" ">
    <subfield code="a">IEN</subfield>
    <subfield code="b">eng</subfield>
    <subfield code="c">IEN</subfield>
  </datafield>
  <datafield tag="100" ind1="1" ind2=" ">
    <subfield code="a">Marrades, Xavier,</subfield>
    <subfield code="d">1979-</subfield>
  </datafield>
  <datafield tag="670" ind1=" " ind2=" ">
    <subfield code="a">Polifonia, 2008:</subfield>
    <subfield code="b">end credits (Xavier Marrades, writer, director and producer)</subfield>
  </datafield>
  <datafield tag="670" ind1=" " ind2=" ">
    <subfield code="a">Xavier Marrades website, Nov. 17, 2009</subfield>
    <subfield code="b">(Xavier Marrades, visual artist and filmmaker; b. 1979 in Barcelona, Spain)</subfield>
  </datafield>
</record>